<?xml version="1.0" encoding="UTF-8"?><collection xmlns="http://www.loc.gov/MARC21/slim"><record><leader>00561nam--2200133-i-4500</leader><controlfield tag="001">000031330</controlfield><controlfield tag="002">20161230</controlfield><controlfield tag="005">20161230201038</controlfield><controlfield tag="008">060222s1000------------r-----000-0-eng-d</controlfield><datafield ind1=" " ind2=" " tag="080"><subfield code="a">51</subfield></datafield><datafield ind1=" " ind2=" " tag="245"><subfield code="a">Mathematiques modernes. guide pour enseignements. rapport d`une session d`etude internationale sur les nouvelles methodes d`enseignement des mathematiques, athenes, 17-23 nov., 1963. textes reunis et presentes par howard f.fehr. texte francais revise ..</subfield></datafield><datafield ind1=" " ind2=" " tag="260"><subfield code="a">Paris, O.C.D.E., 1964, 340p</subfield></datafield><datafield ind1=" " ind2=" " tag="490"><subfield code="a">Pour Un Neseignement Renove Des Sciences</subfield></datafield><datafield ind1=" " ind2=" " tag="852"><subfield code="a">23972</subfield></datafield></record></collection>